<record><leader>00000cas a22000007a 4500</leader><controlfield tag="001">12715815</controlfield><controlfield tag="008">851024d19821984aluwr ne      0   a0eng d</controlfield><datafield ind1=" " ind2=" " tag="010"><subfield code="a">sn 85045013 </subfield></datafield><datafield ind1=" " ind2=" " tag="040"><subfield code="a">CPN</subfield><subfield code="b">eng</subfield><subfield code="c">CPN</subfield><subfield code="d">NSD</subfield><subfield code="d">CPN</subfield><subfield code="d">OCLCQ</subfield></datafield><datafield ind1=" " ind2=" " tag="012"><subfield code="l">1</subfield><subfield code="m">1</subfield></datafield><datafield ind1="1" ind2=" " tag="022"><subfield code="a">0890-6017</subfield><subfield code="l">0890-6017</subfield><subfield code="2">1</subfield></datafield><datafield ind1=" " ind2=" " tag="032"><subfield code="a">432080</subfield><subfield code="b">USPS</subfield></datafield><datafield ind1=" " ind2=" " tag="037"><subfield code="b">The Piedmont Journal-Independent, 115 N. Center Ave., Piedmont, AL 36272</subfield></datafield><datafield ind1=" " ind2=" " tag="042"><subfield code="a">msc</subfield><subfield code="a">nsdp</subfield></datafield><datafield ind1=" " ind2="4" tag="222"><subfield code="a">The Piedmont journal-independent</subfield></datafield><datafield ind1="0" ind2="4" tag="245"><subfield code="a">The Piedmont journal-independent.</subfield></datafield><datafield ind1=" " ind2=" " tag="260"><subfield code="a">Piedmont, Ala. :</subfield><subfield code="b">Piedmont Journal-Independent, Inc.,</subfield><subfield code="c">1982-1984.</subfield></datafield><datafield ind1=" " ind2=" " tag="300"><subfield code="a">v. :</subfield><subfield code="b">ill. ;</subfield><subfield code="c">58 cm.</subfield></datafield><datafield ind1=" " ind2=" " tag="310"><subfield code="a">Weekly</subfield></datafield><datafield ind1="0" ind2=" " tag="362"><subfield code="a">Vol. 1, no. 1 (Mar. 31, 1982)-v. 3, no. 26 (June 27, 1984).</subfield></datafield><datafield ind1=" " ind2=" " tag="588"><subfield code="a">Latest issue consulted: Vol. 5, no. 31 (August 20, 1986).</subfield></datafield><datafield ind1=" " ind2=" " tag="752"><subfield code="a">United States</subfield><subfield code="b">Alabama</subfield><subfield code="c">Calhoun</subfield><subfield code="d">Piedmont.</subfield></datafield><datafield ind1="0" ind2="0" tag="780"><subfield code="t">Piedmont journal</subfield><subfield code="w">(DLC)sn 85045012</subfield></datafield><datafield ind1="0" ind2="0" tag="785"><subfield code="t">Journal-independent</subfield><subfield code="w">(DLC)sn 85045014</subfield><subfield code="w">(OCoLC)12715821</subfield></datafield><datafield ind1="1" ind2=" " tag="029"><subfield code="a">AU@</subfield><subfield code="b">000045312916</subfield></datafield></record>